@Book{papad,
  author = 	 {Christos H. Papadimitriou and Kenneth Steiglitz},
  title = 	 {Combinatorial Optimization},
  publisher = 	 {Dover Publications},
  year = 	 {1998},
  edition = 	 {1st}
}

@Book{nonlinear,
  author = 	 {David G. Luenberger and Yinyu Ye},
  title = 	 {Linear and Nonlinear Programming},
  publisher = 	 {Springer},
  year = 	 {2007},
  edition = 	 {3rd}
}

@Book{linear,
  author = 	 {Howard Karloff},
  title = 	 {Linear Programming},
  publisher = 	 {Birkh√§user},
  year = 	 {1991},
  edition = 	 {1st}
}

@Book{pon,
  title = 	 {Gigabit-Capable Passive Optical Network},
  author = 	 {Dave Hood and Elmar Trojer},
  publisher = 	 {Wiley},
  year = 	 {2012},
  edition = 	 {1st}
}

@article{optpon,
  title = 	 {Cost Minimization Planning for Greenfield Passive Optical Networks},
  author = 	 {Ji Li and Gangxiang Shen},
  year = 	 {2009},
}

@article{optpon2,
  author = 	 {A. Kokangul and A. Ari b},
  title = 	 {Optimization of Passive Optical Network Planning},
  year = 	 {2011},
}

@Book{knuth:84,
  author = 	 {Donald E. Knuth},
  title = 	 {The {\TeX} Book},
  publisher = 	 {Addison-Wesley},
  year = 	 {1984},
  edition = 	 {15th}
}

@InCollection{boulic:91,
  author = 	 {R. Boulic and O. Renault},
  title = 	 {3D Hierarchies for Animation},
  booktitle = 	 {New Trends in Animation and Visualization},
  publisher =    {John Wiley {\&} Sons ltd.},
  year = 	 {1991},
  editor = 	 {Nadia Magnenat-Thalmann and Daniel Thalmann}
}

@InCollection{smith:99,
  author = 	 {A. Smith and B. Jones},
  title = 	 {On the Complexity of Computing},
  booktitle = 	 {Advances in Computer Science},
  pages = 	 {555--566},
  publisher =    {Publishing Press},
  year = 	 {1999},
  editor = 	 {A. B. Smith-Jones}
}
